<record><leader>00000cas a2200000 a 4500</leader><controlfield tag="001">8807505</controlfield><controlfield tag="008">820925d18481851iluwr ne      0   a0eng  </controlfield><controlfield tag="009">466</controlfield><datafield ind1=" " ind2=" " tag="010"><subfield code="a">sn 82014964 </subfield></datafield><datafield ind1=" " ind2=" " tag="040"><subfield code="a">DLC</subfield><subfield code="b">eng</subfield><subfield code="c">DLC</subfield><subfield code="d">NPX</subfield><subfield code="d">DLC</subfield><subfield code="d">NVF</subfield><subfield code="d">OCL</subfield><subfield code="d">NVF</subfield><subfield code="d">OCLCO</subfield><subfield code="d">OCLCF</subfield></datafield><datafield ind1="1" ind2=" " tag="029"><subfield code="a">AU@</subfield><subfield code="b">000020119792</subfield></datafield><datafield ind1=" " ind2=" " tag="042"><subfield code="a">pcc</subfield></datafield><datafield ind1=" " ind2=" " tag="043"><subfield code="a">n-us-il</subfield></datafield><datafield ind1="0" ind2="0" tag="050"><subfield code="a">Newspaper 7674</subfield></datafield><datafield ind1="0" ind2="4" tag="245"><subfield code="a">The Tazewell mirror.</subfield></datafield><datafield ind1=" " ind2=" " tag="260"><subfield code="a">Pekin, Ill. :</subfield><subfield code="b">John Smith,</subfield><subfield code="c">1848-1851.</subfield></datafield><datafield ind1=" " ind2=" " tag="300"><subfield code="a">v.</subfield></datafield><datafield ind1=" " ind2=" " tag="310"><subfield code="a">Weekly</subfield></datafield><datafield ind1="1" ind2=" " tag="362"><subfield code="a">Began in 1848. Ceased in 1851.</subfield></datafield><datafield ind1=" " ind2=" " tag="588"><subfield code="a">Latest issue consulted: Vol. 3, no. 46 (May 22, 1851) = whole no. 150 [i.e. 120].</subfield></datafield><datafield ind1=" " ind2=" " tag="588"><subfield code="a">Description based on: Vol. 1, no. 30 (Feb. 10, 1849) = whole no. 30.</subfield></datafield><datafield ind1=" " ind2="0" tag="651"><subfield code="a">Pekin (Ill.)</subfield><subfield code="v">Newspapers.</subfield></datafield><datafield ind1=" " ind2="0" tag="651"><subfield code="a">Tazewell County (Ill.)</subfield><subfield code="v">Newspapers.</subfield></datafield><datafield ind1=" " ind2="7" tag="655"><subfield code="a">Newspapers.</subfield><subfield code="2">fast</subfield><subfield code="0">(OCoLC)fst01423814</subfield></datafield><datafield ind1=" " ind2="7" tag="651"><subfield code="a">Illinois</subfield><subfield code="z">Pekin.</subfield><subfield code="2">fast</subfield><subfield code="0">(OCoLC)fst01216219</subfield></datafield><datafield ind1=" " ind2="7" tag="651"><subfield code="a">Illinois</subfield><subfield code="z">Tazewell County.</subfield><subfield code="2">fast</subfield><subfield code="0">(OCoLC)fst01206780</subfield></datafield><datafield ind1=" " ind2=" " tag="752"><subfield code="a">United States</subfield><subfield code="b">Illinois</subfield><subfield code="c">Tazewell</subfield><subfield code="d">Pekin.</subfield></datafield><datafield ind1="0" ind2="0" tag="785"><subfield code="t">Tazewell weekly mirror</subfield><subfield code="w">(DLC)sn 84038605</subfield><subfield code="w">(OCoLC)11358478</subfield></datafield></record>